@software{vinicius_campos_2022_6376522,
  author       = {Vinicius Campos},
  title        = {easycae-3d/myfempy: beta},
  month        = mar,
  year         = 2022,
  publisher    = {Zenodo},
  version      = {v1.0.1},
  doi          = {10.5281/zenodo.6376522},
  url          = {https://doi.org/10.5281/zenodo.6376522}
}
